<collection xmlns="http://www.loc.gov/MARC21/slim">
<record>
  <leader>01491nam0a22002651i 450 </leader>
  <controlfield tag="001">IT\ICCU\CNCE\063996</controlfield>
  <controlfield tag="005">20060220000000.0</controlfield>
  <datafield tag="012" ind1=" " ind2=" ">
    <subfield code="a">*.is r.e- seta gruo (3) 1586 (R)</subfield>
    <subfield code="2">fei</subfield>
  </datafield>
  <datafield tag="100" ind1=" " ind2=" ">
    <subfield code="a">20060202d1586        0itac0103    ba</subfield>
  </datafield>
  <datafield tag="101" ind1=" " ind2=" ">
    <subfield code="a">LAT</subfield>
  </datafield>
  <datafield tag="102" ind1=" " ind2=" ">
    <subfield code="a">IT</subfield>
  </datafield>
  <datafield tag="200" ind1="1" ind2=" ">
    <subfield code="a">Expositio in primam secundae angelici doctoris D. Thomae Aquinitatis / auctore F. Bartholomaeo a Medina ... cum indice copiosissimo ac locuplentissimo</subfield>
  </datafield>
  <datafield tag="210" ind1=" " ind2=" ">
    <subfield code="a">Bergomi</subfield>
    <subfield code="c">typis Comini Vaenturae et sociorum</subfield>
    <subfield code="d">1586</subfield>
  </datafield>
  <datafield tag="215" ind1=" " ind2=" ">
    <subfield code="a">\10!, 664, \32! p.</subfield>
    <subfield code="d">in fol</subfield>
  </datafield>
  <datafield tag="300" ind1=" " ind2=" ">
    <subfield code="a">ANNULLATA  !!!!  vedi 38173((Marca tipografica sul front</subfield>
  </datafield>
  <datafield tag="620" ind1=" " ind2=" ">
    <subfield code="a">IT</subfield>
    <subfield code="d">Bergamo</subfield>
  </datafield>
  <datafield tag="700" ind1=" " ind2="1">
    <subfield code="a">Medina,</subfield>
    <subfield code="b">Bartolom ̌: de</subfield>
    <subfield code="3">IT\ICCU\CNCA\006770</subfield>
  </datafield>
  <datafield tag="712" ind1="0" ind2="0">
    <subfield code="a">Ventura, Comino</subfield>
    <subfield code="3">IT\ICCU\CNCT\000028</subfield>
    <subfield code="4">650</subfield>
  </datafield>
  <datafield tag="790" ind1=" " ind2="0">
    <subfield code="a">Bartholomaeus</subfield>
    <subfield code="c"> : a#Medina</subfield>
    <subfield code="3">IT\ICCU\CNCA\007425</subfield>
    <subfield code="z">Medina, Bartolom ̌: de</subfield>
  </datafield>
  <datafield tag="790" ind1=" " ind2="0">
    <subfield code="a"></subfield>
    <subfield code="c"> : de#Medina</subfield>
    <subfield code="3">IT\ICCU\CNCA\007426</subfield>
    <subfield code="z">Medina, Bartolom ̌: de</subfield>
  </datafield>
  <datafield tag="790" ind1=" " ind2="1">
    <subfield code="a">Medina,</subfield>
    <subfield code="b"></subfield>
    <subfield code="3">IT\ICCU\CNCA\021139</subfield>
    <subfield code="z">Medina, Bartolom ̌: de</subfield>
  </datafield>
  <datafield tag="790" ind1=" " ind2="1">
    <subfield code="a">Medina,</subfield>
    <subfield code="b">Bartolomeo</subfield>
    <subfield code="3">IT\ICCU\CNCA\021141</subfield>
    <subfield code="z">Medina, Bartolom ̌: de</subfield>
  </datafield>
  <datafield tag="801" ind1=" " ind2="3">
    <subfield code="a">IT</subfield>
    <subfield code="b">ICCU</subfield>
    <subfield code="c">20201115</subfield>
  </datafield>
  <datafield tag="899" ind1=" " ind2=" ">
    <subfield code="a">Biblioteca dell&apos;Istituto di storia, filosofia del diritto e diritto ecclesiastico della Facolt ̉di giurisprudenza. Universit ̉degli studi di Macerata. Macerata</subfield>
    <subfield code="1">MC0171</subfield>
    <subfield code="2">UMC EF</subfield>
  </datafield>
  <datafield tag="921" ind1=" " ind2=" ">
    <subfield code="a">IT\ICCU\CNCM\001588</subfield>
    <subfield code="b">Fortuna (donna in mare su delfino con vela al vento). Sole sullo sfondo.</subfield>
    <subfield code="e">Bona fortunae</subfield>
    <subfield code="c">U484</subfield>
    <subfield code="d">Diametro del cerchio interno: 3,2</subfield>
    <subfield code="f">FORTUNA</subfield>
    <subfield code="f">VELA</subfield>
    <subfield code="f">DELFINO</subfield>
    <subfield code="g">1588-1600</subfield>
  </datafield>
</record>
</collection>
